@article{Sparrow1715,
  author    = {Jack Sparrow and Hector Barbossa},
  title     = {Navigational Challenges and the Cursed Aztec Gold: A Case Study},
  journal   = {Journal of Pirate Lore and Maritime Studies},
  year      = {1715},
  volume    = {10},
  number    = {2},
  pages     = {134--150},
  publisher = {Pirate Press},
  note      = {doi: 10.1234/jpls.1715.0134}
}

@book{Sparrow1720,
  author    = {Jack Sparrow},
  title     = {The Art of Piracy: Unconventional Tactics and Survival at Sea},
  publisher = {Black Pearl Publishing},
  year      = {1720},
  edition   = {1st},
  address   = {Tortuga},
  isbn      = {978-1-2345-6789-0}
}

@inproceedings{Sparrow1718,
  author    = {Jack Sparrow and Elizabeth Swann},
  title     = {The Brethren Court: Governance and Strategy Among Pirate Lords},
  booktitle = {Proceedings of the 3rd Annual Pirate Council Conference},
  year      = {1718},
  pages     = {23--36},
  address   = {Shipwreck Cove},
  publisher = {Council Press},
  note      = {doi: 10.5678/pcc.1718.0023}
}

@misc{Sparrow1722,
  author    = {Jack Sparrow and William Turner},
  title     = {Navigating the Devil's Triangle: A Practical Guide},
  year      = {1722},
  howpublished = {Unpublished Manuscript},
  note      = {Available upon request from the Captain's Quarters, Black Pearl}
}

@article{Sparrow1721,
  author    = {Jack Sparrow and Tia Dalma},
  title     = {Rituals and Relics: Understanding Voodoo Magic in Maritime Cultures},
  journal   = {Journal of Myth and Maritime Mysticism},
  year      = {1721},
  volume    = {15},
  number    = {4},
  pages     = {220--235},
  publisher = {Mystic Seafarers Press},
  note      = {doi: 10.7890/jmmm.1721.0220}
}

@book{SparrowBarbossa1717,
  author    = {Jack Sparrow and Hector Barbossa},
  title     = {Charting the Unknown: A Comprehensive Guide to Uncharted Waters},
  publisher = {Pirate Navigators Guild},
  year      = {1717},
  edition   = {2nd},
  address   = {Port Royal},
  isbn      = {978-1-9876-5432-1}
}

@inproceedings{Sparrow1708,
  author    = {Jack Sparrow and Anamaria},
  title     = {Fast and Furious: Speed Optimization Techniques for Pirate Vessels},
  booktitle = {Proceedings of the Caribbean Sea Maritime Innovations Symposium},
  year      = {1708},
  pages     = {102--114},
  address   = {Nassau},
  publisher = {Nassau Naval Institute},
  note      = {doi: 10.4321/csmis.1708.0102}
}

@article{Sparrow1723,
  author    = {Jack Sparrow and Gibbs},
  title     = {Pirate Logistics: Managing Limited Resources on Long Voyages},
  journal   = {International Journal of Maritime Resource Management},
  year      = {1723},
  volume    = {12},
  number    = {1},
  pages     = {45--58},
  publisher = {Seafarers’ Society},
  note      = {doi: 10.5432/ijmrm.1723.0045}
}

@misc{SparrowSmith1714,
  author    = {Jack Sparrow and Joshamee Gibbs and Will Turner},
  title     = {Battle Tactics for Outnumbered Pirates: A Field Manual},
  year      = {1714},
  howpublished = {Private Circulation Among Pirate Lords},
  note      = {Restricted Access – Brethren Court Members Only}
}
